<record><leader>00000cas a22000007a 4500</leader><controlfield tag="001">15699761</controlfield><controlfield tag="008">870518d19uu1913inudn ne      0    0eng d</controlfield><datafield ind1=" " ind2=" " tag="010"><subfield code="a">sn 87056201 </subfield></datafield><datafield ind1=" " ind2=" " tag="040"><subfield code="a">NPI</subfield><subfield code="b">eng</subfield><subfield code="c">NPI</subfield><subfield code="d">OCLCQ</subfield></datafield><datafield ind1=" " ind2=" " tag="042"><subfield code="a">msc</subfield></datafield><datafield ind1="0" ind2="0" tag="245"><subfield code="a">Auburn daily courier.</subfield></datafield><datafield ind1=" " ind2=" " tag="260"><subfield code="a">Auburn, DeKalb County, Ind. :</subfield><subfield code="b">Courier Co.</subfield></datafield><datafield ind1=" " ind2=" " tag="310"><subfield code="a">Daily (except Sun.)</subfield></datafield><datafield ind1="1" ind2=" " tag="362"><subfield code="a">Ceased in 1913.</subfield></datafield><datafield ind1=" " ind2=" " tag="580"><subfield code="a">Also published in a weekly ed. called: Auburn courier (Auburn, Ind. : 1909).</subfield></datafield><datafield ind1=" " ind2=" " tag="588"><subfield code="a">Description based on: Vol. 16, no. 59 (May 13, 1910).</subfield></datafield><datafield ind1=" " ind2=" " tag="752"><subfield code="a">United States</subfield><subfield code="b">Indiana</subfield><subfield code="c">De Kalb</subfield><subfield code="d">Auburn.</subfield></datafield><datafield ind1="1" ind2=" " tag="775"><subfield code="t">Auburn courier (Auburn, Ind. : 1909)</subfield><subfield code="w">(DLC)sn 87056205</subfield></datafield><datafield ind1="0" ind2="0" tag="780"><subfield code="t">Daily courier (Auburn, Ind. : 1906)</subfield><subfield code="w">(DLC)sn 87056225</subfield></datafield><datafield ind1="0" ind2="7" tag="785"><subfield code="t">Evening dispatch (Auburn, Ind.)</subfield><subfield code="w">(DLC)sn 87056225</subfield></datafield><datafield ind1="0" ind2="7" tag="785"><subfield code="t">Evening star (Auburn, Ind.)</subfield><subfield code="w">(DLC)sn 87056203</subfield></datafield></record>